@web_page{intro,
   title = {Formula 1 media},
   url = {https://www.formula1.com/en/latest/article.f1-broadcast-to-1-9-billion-fans-in-2019.4IeYkWSoexxSIeJyuTrk22.html},
}

@article{acidentes,
   abstract = {Translation of: De groei van ons wereldbeeld.},
   author = {Anton Pannekoek},
   isbn = {0486659941},
   pages = {521},
   publisher = {Dover Publications},
   title = {Acidentes Formula 1},
   url = {https://pt.wikipedia.org/wiki/Lista_de_acidentes_fatais_na_Fórmula_1},
   year = {1989},
}

@article{forcag,
   author = {Tiago Alves Jorge De Souza and Tiago Campos Pereira},
   doi = {10.1089/ast.2017.1802},
   issn = {15311074},
   issue = {7},
   journal = {Astrobiology},
   month = {7},
   pages = {825-833},
   pmid = {29746159},
   publisher = {Mary Ann Liebert Inc.},
   title = {ForçaG},
   volume = {18},
   url = {https://en.wikipedia.org/wiki/G-force},
   year = {2018},
}

@article{gravidade,
   abstract = {Translation of: De groei van ons wereldbeeld.},
   author = {Anton Pannekoek},
   isbn = {0486659941},
   pages = {521},
   publisher = {Dover Publications},
   title = {Gravidade},
   year = {1989},
   url = {https://pt.wikipedia.org/wiki/Gravidade},
}


@web_page{fia,
   title = {Como foi a evolução da segurança na Fórmula 1?},
   url = {https://fitpeople.com/pt/esportes/esporte-a-motor/seguranca-na-formula-1/},
}

@article{safetycar,
   abstract = {Vol. 1 originally published: Yeovil : Foulis, 1981 ; Vol. 2 originally published: Yeovil : Foulis, 1982.},
   author = {Mike. Lang},
   isbn = {0-85429-321-3},
   publisher = {Haynes},
   title = {Safety Car},
   year = {1983},
}

@book{julesbianchi,
   publisher = {Ferrari.com},
   title = {Jules Bianchi},
   url = {https://pt.wikipedia.org/wiki/Jules_Bianchi},
}


@web_page{hist,
   title = {O melhor da Fórmula 1: História da Fórmula 1 e todos os campeões},
   url = {http://omelhordaformula1.blogspot.com/p/todos-os-campeoes.html},
}

@article{cores,
   author = {Bernardo Maldonado},
   journal = {motorsport.uol.com.br},
   month = {4},
   title = {Cores dos carros Fórmula 1},
   url = {https://pt.wikipedia.org/wiki/Fórmula_1#História},
   year = {2019},
}

@web_page{evolucao,
   title = {História da F1},
   url = {https://sites.google.com/ufprformula.com/site/artigos/história-da-f1},
}

@web_page{tv,
   title = {A Origem da Fórmula 1 - Site de Curiosidades},
   url = {https://www.sitedecuriosidades.com/curiosidade/a-origem-da-formula-1.html},
}

@article{halo,
   journal = {F1i.com},
   month = {1},
   title = {The FIA approves Formula 1's first supplier to the Halo},
   url = {https://en.wikipedia.org/wiki/Halo_(safety_device)},
   year = {2018},
}

@web_page{monocoque,
   title = {Monocoque},
   url = {http://www.formula1-dictionary.net/monocoque.html},
}

@web_page{separacaomonocoque,
   title = {Separação do Monocoque},
   url = {https://echoboomer.pt/formula-1-grande-premio-do-bahrain-importancia-halo/},
}

@web_page{roupa,
   title = {Evolução dos trajes de corrida de Fórmula 1},
   url = {https://www.redbull.com/br-pt/historia-dos-trajes-de-corrida-de-formula-1},
}

@web_page{velocidade,
   title = {Fórmula 1. Os detalhes dos capacetes mais seguros do mundo},
   url = {https://www.razaoautomovel.com/2020/12/formula-1-os-detalhes-do-capacetes-mais-seguros-do-mundo},
}

@web_page{capacete,
   title = {Como funciona o capacete da Fórmula 1},
   url = {https://www.torcedores.com/noticias/2018/11/como-funciona-o-capacete-da-formula-1},
}

@web_page{fogo,
   title = {Como funcionam as roupas á prova de fogo},
   url = {https://www.uol.com.br/tilt/noticias/redacao/2021/02/25/sai-fogo-como-as-roupas-de-pilotos-de-formula-1-resistem-as-chamas.htm},
}

@web_page{luvas,
   title = {Luvas biométricas Formula 1},
   url = {https://www.autosport.pt/formula1/f1/novas-regras-da-f1-luvas-biometricas/},
}

@web_page{frontwing,
   title = {Asa Frontal Formula 1},
   url = {https://www.mclaren.com/racing/f1-playbook/front-wing/},
}

@web_page{rearwing,
   title = {Rear Wing Formula 1},
   url = {https://f1chronicle.com/how-do-formula-1-rear-wings-work-f1-technology/},
}

@web_page{difusor,
   title = {Difusor Formula 1},
   url = {https://www.publico.pt/2009/04/16/desporto/noticia/o-que-e-um-difusor-1374738},
}

@article{drs,
   journal = {F1 Chronicle},
   title = {DRS Formula 1},
   url = {https://en.wikipedia.org/wiki/Drag_reduction_system},
}

@web_page{ers,
   title = {ERS Formula 1},
   url = {https://www.sportskeeda.com/f1/what-ers-formula-1},
}

@web_page{das,
   title = {DAS Formula 1},
   url = {https://www.formula1.com/en/latest/article.das-explained-what-we-know-so-far-about-mercedes-trick-new-steering-system.4vgDQ6cc20xUfhdZGT0ejB.html},
}

@web_page{f1automoveis,
   title = {Formula 1 nos Automóveis},
   url = {https://www.uol.com.br/carros/listas/formula-1-sempre-antecipou-tecnologias-do-seu-carro-veja-exemplos.html},
}





